[gd_scene load_steps=11 format=2]

[ext_resource path="res://Scripts/TitleScreen.gd" type="Script" id=1]
[ext_resource path="res://Images/TitlePic.png" type="Texture" id=2]
[ext_resource path="res://Fonts/SUPERSCR.TTF" type="DynamicFontData" id=3]
[ext_resource path="res://Audio/ping.ogg" type="AudioStream" id=4]
[ext_resource path="res://Audio/bing.ogg" type="AudioStream" id=5]
[ext_resource path="res://Images/ArrowSelect.png" type="Texture" id=6]

[sub_resource type="DynamicFont" id=1]

size = 26
use_mipmaps = false
use_filter = false
font_data = ExtResource( 3 )

[sub_resource type="Animation" id=3]

resource_name = "FloatLoad"
length = 0.7
loop = true
step = 0.1
tracks/0/type = "value"
tracks/0/path = NodePath("Arrow1:position")
tracks/0/interp = 2
tracks/0/loop_wrap = true
tracks/0/imported = false
tracks/0/enabled = true
tracks/0/keys = {
"times": PoolRealArray( 0.3, 0.6 ),
"transitions": PoolRealArray( 1, 1 ),
"update": 0,
"values": [ Vector2( -45.3496, 1.49173 ), Vector2( -32.6379, 2.65659 ) ]
}
tracks/1/type = "value"
tracks/1/path = NodePath("Arrow2:position")
tracks/1/interp = 2
tracks/1/loop_wrap = true
tracks/1/imported = false
tracks/1/enabled = true
tracks/1/keys = {
"times": PoolRealArray( 0.3, 0.6 ),
"transitions": PoolRealArray( 1, 1 ),
"update": 0,
"values": [ Vector2( 285.709, 6.33978 ), Vector2( 271.841, 6.33978 ) ]
}
tracks/2/type = "value"
tracks/2/path = NodePath("Arrow1:scale")
tracks/2/interp = 1
tracks/2/loop_wrap = true
tracks/2/imported = false
tracks/2/enabled = true
tracks/2/keys = {
"times": PoolRealArray( 0, 0.4 ),
"transitions": PoolRealArray( 1, 1 ),
"update": 0,
"values": [ Vector2( 0.662705, 0.615831 ), Vector2( 0.470733, 0.455951 ) ]
}
tracks/3/type = "value"
tracks/3/path = NodePath("Arrow2:scale")
tracks/3/interp = 1
tracks/3/loop_wrap = true
tracks/3/imported = false
tracks/3/enabled = true
tracks/3/keys = {
"times": PoolRealArray( 0, 0.4 ),
"transitions": PoolRealArray( 1, 1 ),
"update": 0,
"values": [ Vector2( 0.655731, 0.619035 ), Vector2( 0.518516, 0.445333 ) ]
}
tracks/4/type = "value"
tracks/4/path = NodePath(".:position")
tracks/4/interp = 1
tracks/4/loop_wrap = true
tracks/4/imported = false
tracks/4/enabled = true
tracks/4/keys = {
"times": PoolRealArray( 0 ),
"transitions": PoolRealArray( 1 ),
"update": 0,
"values": [ Vector2( 529.138, 462.148 ) ]
}

[sub_resource type="Animation" id=4]

resource_name = "FloatQuit"
length = 0.7
loop = true
step = 0.1
tracks/0/type = "value"
tracks/0/path = NodePath("Arrow1:position")
tracks/0/interp = 2
tracks/0/loop_wrap = true
tracks/0/imported = false
tracks/0/enabled = true
tracks/0/keys = {
"times": PoolRealArray( 0.3, 0.6 ),
"transitions": PoolRealArray( 1, 1 ),
"update": 0,
"values": [ Vector2( -45.3496, 1.49173 ), Vector2( -32.6379, 2.65659 ) ]
}
tracks/1/type = "value"
tracks/1/path = NodePath("Arrow2:position")
tracks/1/interp = 2
tracks/1/loop_wrap = true
tracks/1/imported = false
tracks/1/enabled = true
tracks/1/keys = {
"times": PoolRealArray( 0.3, 0.6 ),
"transitions": PoolRealArray( 1, 1 ),
"update": 0,
"values": [ Vector2( 285.709, 6.33978 ), Vector2( 271.841, 6.33978 ) ]
}
tracks/2/type = "value"
tracks/2/path = NodePath("Arrow1:scale")
tracks/2/interp = 1
tracks/2/loop_wrap = true
tracks/2/imported = false
tracks/2/enabled = true
tracks/2/keys = {
"times": PoolRealArray( 0, 0.4 ),
"transitions": PoolRealArray( 1, 1 ),
"update": 0,
"values": [ Vector2( 0.662705, 0.615831 ), Vector2( 0.470733, 0.455951 ) ]
}
tracks/3/type = "value"
tracks/3/path = NodePath("Arrow2:scale")
tracks/3/interp = 1
tracks/3/loop_wrap = true
tracks/3/imported = false
tracks/3/enabled = true
tracks/3/keys = {
"times": PoolRealArray( 0, 0.4 ),
"transitions": PoolRealArray( 1, 1 ),
"update": 0,
"values": [ Vector2( 0.655731, 0.619035 ), Vector2( 0.518516, 0.445333 ) ]
}
tracks/4/type = "value"
tracks/4/path = NodePath(".:position")
tracks/4/interp = 1
tracks/4/loop_wrap = true
tracks/4/imported = false
tracks/4/enabled = true
tracks/4/keys = {
"times": PoolRealArray( 0 ),
"transitions": PoolRealArray( 1 ),
"update": 0,
"values": [ Vector2( 529.138, 542.148 ) ]
}

[sub_resource type="Animation" id=2]

resource_name = "FloatStart"
length = 0.7
loop = true
step = 0.1
tracks/0/type = "value"
tracks/0/path = NodePath("Arrow1:position")
tracks/0/interp = 2
tracks/0/loop_wrap = true
tracks/0/imported = false
tracks/0/enabled = true
tracks/0/keys = {
"times": PoolRealArray( 0.3, 0.6 ),
"transitions": PoolRealArray( 1, 1 ),
"update": 0,
"values": [ Vector2( -45.3496, 1.49173 ), Vector2( -32.6379, 2.65659 ) ]
}
tracks/1/type = "value"
tracks/1/path = NodePath("Arrow2:position")
tracks/1/interp = 2
tracks/1/loop_wrap = true
tracks/1/imported = false
tracks/1/enabled = true
tracks/1/keys = {
"times": PoolRealArray( 0.3, 0.6 ),
"transitions": PoolRealArray( 1, 1 ),
"update": 0,
"values": [ Vector2( 285.709, 6.33978 ), Vector2( 271.841, 6.33978 ) ]
}
tracks/2/type = "value"
tracks/2/path = NodePath("Arrow1:scale")
tracks/2/interp = 1
tracks/2/loop_wrap = true
tracks/2/imported = false
tracks/2/enabled = true
tracks/2/keys = {
"times": PoolRealArray( 0, 0.4 ),
"transitions": PoolRealArray( 1, 1 ),
"update": 0,
"values": [ Vector2( 0.662705, 0.615831 ), Vector2( 0.470733, 0.455951 ) ]
}
tracks/3/type = "value"
tracks/3/path = NodePath("Arrow2:scale")
tracks/3/interp = 1
tracks/3/loop_wrap = true
tracks/3/imported = false
tracks/3/enabled = true
tracks/3/keys = {
"times": PoolRealArray( 0, 0.4 ),
"transitions": PoolRealArray( 1, 1 ),
"update": 0,
"values": [ Vector2( 0.655731, 0.619035 ), Vector2( 0.518516, 0.445333 ) ]
}
tracks/4/type = "value"
tracks/4/path = NodePath(".:position")
tracks/4/interp = 1
tracks/4/loop_wrap = true
tracks/4/imported = false
tracks/4/enabled = true
tracks/4/keys = {
"times": PoolRealArray( 0 ),
"transitions": PoolRealArray( 1 ),
"update": 0,
"values": [ Vector2( 529.138, 382.148 ) ]
}

[node name="TitleScreen" type="Control" index="0"]

anchor_left = 0.0
anchor_top = 0.0
anchor_right = 0.0
anchor_bottom = 0.0
margin_right = 40.0
margin_bottom = 40.0
rect_pivot_offset = Vector2( 0, 0 )
rect_clip_content = false
mouse_filter = 0
mouse_default_cursor_shape = 0
size_flags_horizontal = 1
size_flags_vertical = 1
script = ExtResource( 1 )

[node name="TextureRect" type="TextureRect" parent="." index="0"]

anchor_left = 0.0
anchor_top = 0.0
anchor_right = 0.0
anchor_bottom = 0.0
margin_left = 269.0
margin_top = 42.0
margin_right = 1269.0
margin_bottom = 442.0
rect_scale = Vector2( 0.75, 0.75 )
rect_pivot_offset = Vector2( 0, 0 )
rect_clip_content = false
mouse_filter = 1
mouse_default_cursor_shape = 0
size_flags_horizontal = 1
size_flags_vertical = 1
texture = ExtResource( 2 )
stretch_mode = 4
_sections_unfolded = [ "Rect" ]

[node name="StartGame" type="Label" parent="." index="1"]

anchor_left = 0.0
anchor_top = 0.0
anchor_right = 0.0
anchor_bottom = 0.0
margin_left = 527.0
margin_top = 361.0
margin_right = 649.0
margin_bottom = 388.0
rect_scale = Vector2( 2, 2 )
rect_pivot_offset = Vector2( 0, 0 )
rect_clip_content = false
mouse_filter = 2
mouse_default_cursor_shape = 0
size_flags_horizontal = 1
size_flags_vertical = 4
custom_fonts/font = SubResource( 1 )
custom_colors/font_color = Color( 1, 1, 1, 1 )
text = "Start Game"
percent_visible = 1.0
lines_skipped = 0
max_lines_visible = -1
_sections_unfolded = [ "custom_colors", "custom_fonts" ]

[node name="Wait" type="Timer" parent="StartGame" index="0"]

process_mode = 1
wait_time = 4.0
one_shot = false
autostart = false

[node name="LoadGame" type="Label" parent="." index="2"]

anchor_left = 0.0
anchor_top = 0.0
anchor_right = 0.0
anchor_bottom = 0.0
margin_left = 532.0
margin_top = 438.0
margin_right = 654.0
margin_bottom = 465.0
rect_scale = Vector2( 2, 2 )
rect_pivot_offset = Vector2( 0, 0 )
rect_clip_content = false
mouse_filter = 2
mouse_default_cursor_shape = 0
size_flags_horizontal = 1
size_flags_vertical = 4
custom_fonts/font = SubResource( 1 )
custom_colors/font_color = Color( 1, 1, 1, 1 )
text = "Load Game"
percent_visible = 1.0
lines_skipped = 0
max_lines_visible = -1
_sections_unfolded = [ "custom_colors", "custom_fonts" ]

[node name="Quit" type="Label" parent="." index="3"]

anchor_left = 0.0
anchor_top = 0.0
anchor_right = 0.0
anchor_bottom = 0.0
margin_left = 521.0
margin_top = 524.0
margin_right = 643.0
margin_bottom = 551.0
rect_scale = Vector2( 2, 2 )
rect_pivot_offset = Vector2( 0, 0 )
rect_clip_content = false
mouse_filter = 2
mouse_default_cursor_shape = 0
size_flags_horizontal = 1
size_flags_vertical = 4
custom_fonts/font = SubResource( 1 )
custom_colors/font_color = Color( 1, 1, 1, 1 )
text = "Quit Game"
align = 1
percent_visible = 1.0
lines_skipped = 0
max_lines_visible = -1
_sections_unfolded = [ "custom_colors", "custom_fonts" ]

[node name="Ping" type="AudioStreamPlayer" parent="." index="4"]

stream = ExtResource( 4 )
volume_db = 0.0
pitch_scale = 1.0
autoplay = false
mix_target = 0
bus = "Master"

[node name="Select" type="AudioStreamPlayer" parent="." index="5"]

stream = ExtResource( 5 )
volume_db = 0.0
pitch_scale = 1.0
autoplay = false
mix_target = 0
bus = "Master"

[node name="SelectArrows" type="Node2D" parent="." index="6"]

position = Vector2( 529.138, 382.148 )
scale = Vector2( 0.958835, 0.951208 )
_sections_unfolded = [ "Transform" ]

[node name="Arrow1" type="Sprite" parent="SelectArrows" index="0"]

position = Vector2( -41.2478, 1.8676 )
rotation = -1.5708
scale = Vector2( 0.475034, 0.459534 )
texture = ExtResource( 6 )
_sections_unfolded = [ "Transform" ]

[node name="Arrow2" type="Sprite" parent="SelectArrows" index="1"]

position = Vector2( 281.234, 6.33978 )
rotation = 1.5708
scale = Vector2( 0.52159, 0.449225 )
texture = ExtResource( 6 )
_sections_unfolded = [ "Transform" ]

[node name="Animator" type="AnimationPlayer" parent="SelectArrows" index="2"]

root_node = NodePath("..")
autoplay = ""
playback_process_mode = 1
playback_default_blend_time = 0.0
playback_speed = 1.0
anims/FloatLoad = SubResource( 3 )
anims/FloatQuit = SubResource( 4 )
anims/FloatStart = SubResource( 2 )
blend_times = [  ]

[connection signal="timeout" from="StartGame/Wait" to="." method="_on_Wait_timeout"]


