[gd_scene load_steps=17 format=2]

[ext_resource path="res://Images/Inventory/Backing.png" type="Texture" id=1]
[ext_resource path="res://Fonts/SUPERSCR.TTF" type="DynamicFontData" id=2]
[ext_resource path="res://Images/Inventory/FishingRodIcon.png" type="Texture" id=3]
[ext_resource path="res://Images/Inventory/ItemBoxSelected.png" type="Texture" id=4]
[ext_resource path="res://Images/Inventory/ItemBox.png" type="Texture" id=5]

[sub_resource type="DynamicFont" id=1]

size = 100
use_mipmaps = false
use_filter = false
font_data = ExtResource( 2 )
_sections_unfolded = [ "Font", "Resource", "Settings" ]

[sub_resource type="CanvasItemMaterial" id=2]

render_priority = 0
blend_mode = 0
light_mode = 0

[sub_resource type="StyleBoxEmpty" id=3]

content_margin_left = -1.0
content_margin_right = -1.0
content_margin_top = -1.0
content_margin_bottom = -1.0

[sub_resource type="StyleBoxTexture" id=4]

content_margin_left = -1.0
content_margin_right = -1.0
content_margin_top = -1.0
content_margin_bottom = -1.0
texture = ExtResource( 4 )
region_rect = Rect2( 0, 0, 50, 50 )
margin_left = 0.0
margin_right = 0.0
margin_top = 0.0
margin_bottom = 0.0
expand_margin_left = 0.0
expand_margin_right = 0.0
expand_margin_top = 0.0
expand_margin_bottom = 0.0
modulate_color = Color( 1, 1, 1, 1 )
draw_center = true

[sub_resource type="StyleBoxTexture" id=5]

content_margin_left = -1.0
content_margin_right = -1.0
content_margin_top = -1.0
content_margin_bottom = -1.0
texture = ExtResource( 1 )
region_rect = Rect2( 0, 0, 180, 100 )
margin_left = 0.0
margin_right = 0.0
margin_top = 0.0
margin_bottom = 0.0
expand_margin_left = 0.0
expand_margin_right = 0.0
expand_margin_top = 0.0
expand_margin_bottom = 0.0
modulate_color = Color( 1, 1, 1, 1 )
draw_center = true

[sub_resource type="StyleBoxEmpty" id=6]

content_margin_left = -1.0
content_margin_right = -1.0
content_margin_top = -1.0
content_margin_bottom = -1.0

[sub_resource type="StyleBoxEmpty" id=7]

content_margin_left = -1.0
content_margin_right = -1.0
content_margin_top = -1.0
content_margin_bottom = -1.0

[sub_resource type="StyleBoxEmpty" id=8]

content_margin_left = -1.0
content_margin_right = -1.0
content_margin_top = -1.0
content_margin_bottom = -1.0

[sub_resource type="DynamicFontData" id=9]

hinting = 2
font_path = ""

[sub_resource type="DynamicFont" id=10]

size = 0
use_mipmaps = false
use_filter = false
font_data = SubResource( 9 )
_sections_unfolded = [ "Extra Spacing", "Settings" ]

[sub_resource type="DynamicFont" id=11]

size = 50
use_mipmaps = true
use_filter = false
font_data = ExtResource( 2 )
_sections_unfolded = [ "Font", "Settings" ]

[node name="Hider" type="Control" groups=[
"Inventory",
]]

visible = false
anchor_left = 0.0
anchor_top = 0.0
anchor_right = 0.0
anchor_bottom = 0.0
margin_right = 40.0
margin_bottom = 40.0
rect_pivot_offset = Vector2( 0, 0 )
rect_clip_content = false
mouse_filter = 0
mouse_default_cursor_shape = 0
size_flags_horizontal = 1
size_flags_vertical = 1

[node name="Backing" type="TextureRect" parent="." index="0"]

modulate = Color( 0, 0, 0, 1 )
anchor_left = 0.0
anchor_top = 0.0
anchor_right = 0.0
anchor_bottom = 0.0
margin_left = 74.0
margin_top = 48.0
margin_right = 1218.0
margin_bottom = 682.0
rect_pivot_offset = Vector2( 0, 0 )
rect_clip_content = false
mouse_filter = 1
mouse_default_cursor_shape = 0
size_flags_horizontal = 1
size_flags_vertical = 1
texture = ExtResource( 1 )
expand = true
stretch_mode = 0
_sections_unfolded = [ "Visibility" ]

[node name="Title" type="Label" parent="." index="1"]

anchor_left = 0.0
anchor_top = 0.0
anchor_right = 0.0
anchor_bottom = 0.0
margin_left = 448.0
margin_top = 96.0
margin_right = 851.0
margin_bottom = 196.0
rect_pivot_offset = Vector2( 0, 0 )
rect_clip_content = false
mouse_filter = 2
mouse_default_cursor_shape = 0
size_flags_horizontal = 1
size_flags_vertical = 4
custom_fonts/font = SubResource( 1 )
text = "INVENTORY"
percent_visible = 1.0
lines_skipped = 0
max_lines_visible = -1
_sections_unfolded = [ "custom_fonts" ]

[node name="DragIcon" type="TextureRect" parent="." index="2"]

visible = false
anchor_left = 0.0
anchor_top = 0.0
anchor_right = 0.0
anchor_bottom = 0.0
margin_right = 88.0
margin_bottom = 88.0
rect_pivot_offset = Vector2( 0, 0 )
rect_clip_content = false
mouse_filter = 1
mouse_default_cursor_shape = 0
size_flags_horizontal = 1
size_flags_vertical = 1
texture = ExtResource( 3 )
stretch_mode = 0

[node name="Panel" type="Control" parent="." index="3"]

anchor_left = 0.0
anchor_top = 0.0
anchor_right = 0.0
anchor_bottom = 0.0
margin_right = 40.0
margin_bottom = 40.0
rect_pivot_offset = Vector2( 0, 0 )
rect_clip_content = false
mouse_filter = 0
mouse_default_cursor_shape = 0
size_flags_horizontal = 1
size_flags_vertical = 1

[node name="ItemList" type="ItemList" parent="Panel" index="0"]

visible = false
material = SubResource( 2 )
anchor_left = 0.0
anchor_top = 0.0
anchor_right = 0.0
anchor_bottom = 0.0
margin_left = 364.0
margin_top = 429.0
margin_right = 1292.0
margin_bottom = 793.0
grow_horizontal = 0
rect_pivot_offset = Vector2( 0, 0 )
rect_clip_content = true
focus_mode = 1
mouse_filter = 0
mouse_default_cursor_shape = 0
size_flags_horizontal = 1
size_flags_vertical = 1
custom_styles/cursor = SubResource( 3 )
custom_styles/selected_focus = SubResource( 4 )
custom_styles/bg_focus = SubResource( 5 )
custom_styles/cursor_unfocused = SubResource( 6 )
custom_styles/selected = SubResource( 7 )
custom_styles/bg = SubResource( 8 )
custom_fonts/font = SubResource( 10 )
custom_constants/vseparation = 0
custom_constants/line_separation = 0
custom_constants/icon_margin = 10
custom_constants/hseparation = 26
items = [  ]
select_mode = 0
allow_reselect = false
max_columns = 7
same_column_width = true
icon_mode = 0
fixed_icon_size = Vector2( 110, 110 )
_sections_unfolded = [ "Anchor", "Columns", "Focus", "Grow Direction", "Hint", "Icon", "Margin", "Material", "Mouse", "Pause", "Rect", "Theme", "Visibility", "custom_colors", "custom_constants", "custom_fonts", "custom_styles" ]

[node name="Item1" type="TextureRect" parent="Panel" index="1"]

editor/display_folded = true
show_behind_parent = true
anchor_left = 0.0
anchor_top = 0.0
anchor_right = 0.0
anchor_bottom = 0.0
margin_left = 202.0
margin_top = 224.0
margin_right = 290.0
margin_bottom = 312.0
rect_pivot_offset = Vector2( 0, 0 )
rect_clip_content = false
mouse_filter = 1
mouse_default_cursor_shape = 0
size_flags_horizontal = 1
size_flags_vertical = 1
stretch_mode = 0
_sections_unfolded = [ "Rect", "Visibility" ]
__meta__ = {
"_edit_group_": true
}

[node name="Icon" type="TextureButton" parent="Panel/Item1" index="0"]

anchor_left = 0.0
anchor_top = 0.0
anchor_right = 0.0
anchor_bottom = 0.0
margin_left = -21.0
margin_top = -23.0
margin_right = 112.0
margin_bottom = 110.0
rect_pivot_offset = Vector2( 0, 0 )
rect_clip_content = false
mouse_filter = 0
mouse_default_cursor_shape = 0
size_flags_horizontal = 1
size_flags_vertical = 1
toggle_mode = false
enabled_focus_mode = 0
shortcut = null
group = null
texture_normal = ExtResource( 5 )
texture_hover = ExtResource( 4 )
expand = true
_sections_unfolded = [ "Textures" ]
__meta__ = {
"_edit_group_": true
}

[node name="Count" type="Label" parent="Panel/Item1" index="1"]

anchor_left = 0.0
anchor_top = 0.0
anchor_right = 0.0
anchor_bottom = 0.0
margin_left = 54.0
margin_top = 46.0
margin_right = 94.0
margin_bottom = 97.0
rect_pivot_offset = Vector2( 0, 0 )
rect_clip_content = false
mouse_filter = 2
mouse_default_cursor_shape = 0
size_flags_horizontal = 1
size_flags_vertical = 4
custom_fonts/font = SubResource( 11 )
custom_colors/font_color = Color( 1, 1, 1, 1 )
custom_colors/font_color_shadow = Color( 0, 0, 0, 1 )
align = 1
percent_visible = 1.0
lines_skipped = 0
max_lines_visible = -1
_sections_unfolded = [ "Rect", "custom_colors", "custom_fonts" ]

[node name="Item2" type="TextureRect" parent="Panel" index="2"]

editor/display_folded = true
show_behind_parent = true
anchor_left = 0.0
anchor_top = 0.0
anchor_right = 0.0
anchor_bottom = 0.0
margin_left = 362.0
margin_top = 224.0
margin_right = 450.0
margin_bottom = 312.0
rect_pivot_offset = Vector2( 0, 0 )
rect_clip_content = false
mouse_filter = 1
mouse_default_cursor_shape = 0
size_flags_horizontal = 1
size_flags_vertical = 1
stretch_mode = 0
_sections_unfolded = [ "Rect", "Visibility" ]
__meta__ = {
"_edit_group_": true
}

[node name="Icon" type="TextureButton" parent="Panel/Item2" index="0"]

anchor_left = 0.0
anchor_top = 0.0
anchor_right = 0.0
anchor_bottom = 0.0
margin_left = -21.0
margin_top = -23.0
margin_right = 112.0
margin_bottom = 110.0
rect_pivot_offset = Vector2( 0, 0 )
rect_clip_content = false
mouse_filter = 0
mouse_default_cursor_shape = 0
size_flags_horizontal = 1
size_flags_vertical = 1
toggle_mode = false
enabled_focus_mode = 0
shortcut = null
group = null
texture_normal = ExtResource( 5 )
texture_hover = ExtResource( 4 )
expand = true
_sections_unfolded = [ "Textures" ]
__meta__ = {
"_edit_group_": true
}

[node name="Count" type="Label" parent="Panel/Item2" index="1"]

anchor_left = 0.0
anchor_top = 0.0
anchor_right = 0.0
anchor_bottom = 0.0
margin_left = 54.0
margin_top = 46.0
margin_right = 94.0
margin_bottom = 97.0
rect_pivot_offset = Vector2( 0, 0 )
rect_clip_content = false
mouse_filter = 2
mouse_default_cursor_shape = 0
size_flags_horizontal = 1
size_flags_vertical = 4
custom_fonts/font = SubResource( 11 )
custom_colors/font_color = Color( 1, 1, 1, 1 )
custom_colors/font_color_shadow = Color( 0, 0, 0, 1 )
align = 1
percent_visible = 1.0
lines_skipped = 0
max_lines_visible = -1
_sections_unfolded = [ "Rect", "custom_colors", "custom_fonts" ]

[node name="Item3" type="TextureRect" parent="Panel" index="3"]

editor/display_folded = true
show_behind_parent = true
anchor_left = 0.0
anchor_top = 0.0
anchor_right = 0.0
anchor_bottom = 0.0
margin_left = 522.0
margin_top = 224.0
margin_right = 610.0
margin_bottom = 312.0
rect_pivot_offset = Vector2( 0, 0 )
rect_clip_content = false
mouse_filter = 1
mouse_default_cursor_shape = 0
size_flags_horizontal = 1
size_flags_vertical = 1
stretch_mode = 0
_sections_unfolded = [ "Rect", "Visibility" ]
__meta__ = {
"_edit_group_": true
}

[node name="Icon" type="TextureButton" parent="Panel/Item3" index="0"]

anchor_left = 0.0
anchor_top = 0.0
anchor_right = 0.0
anchor_bottom = 0.0
margin_left = -21.0
margin_top = -23.0
margin_right = 112.0
margin_bottom = 110.0
rect_pivot_offset = Vector2( 0, 0 )
rect_clip_content = false
mouse_filter = 0
mouse_default_cursor_shape = 0
size_flags_horizontal = 1
size_flags_vertical = 1
toggle_mode = false
enabled_focus_mode = 0
shortcut = null
group = null
texture_normal = ExtResource( 5 )
texture_hover = ExtResource( 4 )
expand = true
_sections_unfolded = [ "Textures" ]
__meta__ = {
"_edit_group_": true
}

[node name="Count" type="Label" parent="Panel/Item3" index="1"]

anchor_left = 0.0
anchor_top = 0.0
anchor_right = 0.0
anchor_bottom = 0.0
margin_left = 54.0
margin_top = 46.0
margin_right = 94.0
margin_bottom = 97.0
rect_pivot_offset = Vector2( 0, 0 )
rect_clip_content = false
mouse_filter = 2
mouse_default_cursor_shape = 0
size_flags_horizontal = 1
size_flags_vertical = 4
custom_fonts/font = SubResource( 11 )
custom_colors/font_color = Color( 1, 1, 1, 1 )
custom_colors/font_color_shadow = Color( 0, 0, 0, 1 )
align = 1
percent_visible = 1.0
lines_skipped = 0
max_lines_visible = -1
_sections_unfolded = [ "Rect", "custom_colors", "custom_fonts" ]

[node name="Item4" type="TextureRect" parent="Panel" index="4"]

editor/display_folded = true
show_behind_parent = true
anchor_left = 0.0
anchor_top = 0.0
anchor_right = 0.0
anchor_bottom = 0.0
margin_left = 682.0
margin_top = 224.0
margin_right = 770.0
margin_bottom = 312.0
rect_pivot_offset = Vector2( 0, 0 )
rect_clip_content = false
mouse_filter = 1
mouse_default_cursor_shape = 0
size_flags_horizontal = 1
size_flags_vertical = 1
stretch_mode = 0
_sections_unfolded = [ "Rect", "Visibility" ]
__meta__ = {
"_edit_group_": true
}

[node name="Icon" type="TextureButton" parent="Panel/Item4" index="0"]

anchor_left = 0.0
anchor_top = 0.0
anchor_right = 0.0
anchor_bottom = 0.0
margin_left = -21.0
margin_top = -23.0
margin_right = 112.0
margin_bottom = 110.0
rect_pivot_offset = Vector2( 0, 0 )
rect_clip_content = false
mouse_filter = 0
mouse_default_cursor_shape = 0
size_flags_horizontal = 1
size_flags_vertical = 1
toggle_mode = false
enabled_focus_mode = 0
shortcut = null
group = null
texture_normal = ExtResource( 5 )
texture_hover = ExtResource( 4 )
expand = true
_sections_unfolded = [ "Textures" ]
__meta__ = {
"_edit_group_": true
}

[node name="Count" type="Label" parent="Panel/Item4" index="1"]

anchor_left = 0.0
anchor_top = 0.0
anchor_right = 0.0
anchor_bottom = 0.0
margin_left = 54.0
margin_top = 46.0
margin_right = 94.0
margin_bottom = 97.0
rect_pivot_offset = Vector2( 0, 0 )
rect_clip_content = false
mouse_filter = 2
mouse_default_cursor_shape = 0
size_flags_horizontal = 1
size_flags_vertical = 4
custom_fonts/font = SubResource( 11 )
custom_colors/font_color = Color( 1, 1, 1, 1 )
custom_colors/font_color_shadow = Color( 0, 0, 0, 1 )
align = 1
percent_visible = 1.0
lines_skipped = 0
max_lines_visible = -1
_sections_unfolded = [ "Rect", "custom_colors", "custom_fonts" ]

[node name="Item5" type="TextureRect" parent="Panel" index="5"]

editor/display_folded = true
show_behind_parent = true
anchor_left = 0.0
anchor_top = 0.0
anchor_right = 0.0
anchor_bottom = 0.0
margin_left = 842.0
margin_top = 224.0
margin_right = 930.0
margin_bottom = 312.0
rect_pivot_offset = Vector2( 0, 0 )
rect_clip_content = false
mouse_filter = 1
mouse_default_cursor_shape = 0
size_flags_horizontal = 1
size_flags_vertical = 1
stretch_mode = 0
_sections_unfolded = [ "Rect", "Visibility" ]
__meta__ = {
"_edit_group_": true
}

[node name="Icon" type="TextureButton" parent="Panel/Item5" index="0"]

anchor_left = 0.0
anchor_top = 0.0
anchor_right = 0.0
anchor_bottom = 0.0
margin_left = -21.0
margin_top = -23.0
margin_right = 112.0
margin_bottom = 110.0
rect_pivot_offset = Vector2( 0, 0 )
rect_clip_content = false
mouse_filter = 0
mouse_default_cursor_shape = 0
size_flags_horizontal = 1
size_flags_vertical = 1
toggle_mode = false
enabled_focus_mode = 0
shortcut = null
group = null
texture_normal = ExtResource( 5 )
texture_hover = ExtResource( 4 )
expand = true
_sections_unfolded = [ "Textures" ]
__meta__ = {
"_edit_group_": true
}

[node name="Count" type="Label" parent="Panel/Item5" index="1"]

anchor_left = 0.0
anchor_top = 0.0
anchor_right = 0.0
anchor_bottom = 0.0
margin_left = 54.0
margin_top = 46.0
margin_right = 94.0
margin_bottom = 97.0
rect_pivot_offset = Vector2( 0, 0 )
rect_clip_content = false
mouse_filter = 2
mouse_default_cursor_shape = 0
size_flags_horizontal = 1
size_flags_vertical = 4
custom_fonts/font = SubResource( 11 )
custom_colors/font_color = Color( 1, 1, 1, 1 )
custom_colors/font_color_shadow = Color( 0, 0, 0, 1 )
align = 1
percent_visible = 1.0
lines_skipped = 0
max_lines_visible = -1
_sections_unfolded = [ "Rect", "custom_colors", "custom_fonts" ]

[node name="Item6" type="TextureRect" parent="Panel" index="6"]

editor/display_folded = true
show_behind_parent = true
anchor_left = 0.0
anchor_top = 0.0
anchor_right = 0.0
anchor_bottom = 0.0
margin_left = 1002.0
margin_top = 224.0
margin_right = 1090.0
margin_bottom = 312.0
rect_pivot_offset = Vector2( 0, 0 )
rect_clip_content = false
mouse_filter = 1
mouse_default_cursor_shape = 0
size_flags_horizontal = 1
size_flags_vertical = 1
stretch_mode = 0
_sections_unfolded = [ "Rect", "Visibility" ]
__meta__ = {
"_edit_group_": true
}

[node name="Icon" type="TextureButton" parent="Panel/Item6" index="0"]

anchor_left = 0.0
anchor_top = 0.0
anchor_right = 0.0
anchor_bottom = 0.0
margin_left = -21.0
margin_top = -23.0
margin_right = 112.0
margin_bottom = 110.0
rect_pivot_offset = Vector2( 0, 0 )
rect_clip_content = false
mouse_filter = 0
mouse_default_cursor_shape = 0
size_flags_horizontal = 1
size_flags_vertical = 1
toggle_mode = false
enabled_focus_mode = 0
shortcut = null
group = null
texture_normal = ExtResource( 5 )
texture_hover = ExtResource( 4 )
expand = true
_sections_unfolded = [ "Textures" ]
__meta__ = {
"_edit_group_": true
}

[node name="Count" type="Label" parent="Panel/Item6" index="1"]

anchor_left = 0.0
anchor_top = 0.0
anchor_right = 0.0
anchor_bottom = 0.0
margin_left = 54.0
margin_top = 46.0
margin_right = 94.0
margin_bottom = 97.0
rect_pivot_offset = Vector2( 0, 0 )
rect_clip_content = false
mouse_filter = 2
mouse_default_cursor_shape = 0
size_flags_horizontal = 1
size_flags_vertical = 4
custom_fonts/font = SubResource( 11 )
custom_colors/font_color = Color( 1, 1, 1, 1 )
custom_colors/font_color_shadow = Color( 0, 0, 0, 1 )
align = 1
percent_visible = 1.0
lines_skipped = 0
max_lines_visible = -1
_sections_unfolded = [ "Rect", "custom_colors", "custom_fonts" ]

[node name="Item7" type="TextureRect" parent="Panel" index="7"]

editor/display_folded = true
show_behind_parent = true
anchor_left = 0.0
anchor_top = 0.0
anchor_right = 0.0
anchor_bottom = 0.0
margin_left = 202.0
margin_top = 368.0
margin_right = 290.0
margin_bottom = 456.0
rect_pivot_offset = Vector2( 0, 0 )
rect_clip_content = false
mouse_filter = 1
mouse_default_cursor_shape = 0
size_flags_horizontal = 1
size_flags_vertical = 1
stretch_mode = 0
_sections_unfolded = [ "Rect", "Visibility" ]
__meta__ = {
"_edit_group_": true
}

[node name="Icon" type="TextureButton" parent="Panel/Item7" index="0"]

anchor_left = 0.0
anchor_top = 0.0
anchor_right = 0.0
anchor_bottom = 0.0
margin_left = -21.0
margin_top = -23.0
margin_right = 112.0
margin_bottom = 110.0
rect_pivot_offset = Vector2( 0, 0 )
rect_clip_content = false
focus_mode = 2
mouse_filter = 0
mouse_default_cursor_shape = 0
size_flags_horizontal = 1
size_flags_vertical = 1
toggle_mode = true
action_mode = 0
enabled_focus_mode = 2
shortcut = null
group = null
texture_normal = ExtResource( 5 )
texture_hover = ExtResource( 4 )
expand = true
_sections_unfolded = [ "Textures" ]
__meta__ = {
"_edit_group_": true
}

[node name="Count" type="Label" parent="Panel/Item7" index="1"]

anchor_left = 0.0
anchor_top = 0.0
anchor_right = 0.0
anchor_bottom = 0.0
margin_left = 54.0
margin_top = 46.0
margin_right = 94.0
margin_bottom = 97.0
rect_pivot_offset = Vector2( 0, 0 )
rect_clip_content = false
mouse_filter = 2
mouse_default_cursor_shape = 0
size_flags_horizontal = 1
size_flags_vertical = 4
custom_fonts/font = SubResource( 11 )
custom_colors/font_color = Color( 1, 1, 1, 1 )
custom_colors/font_color_shadow = Color( 0, 0, 0, 1 )
align = 1
percent_visible = 1.0
lines_skipped = 0
max_lines_visible = -1
_sections_unfolded = [ "Rect", "custom_colors", "custom_fonts" ]

[node name="Item8" type="TextureRect" parent="Panel" index="8"]

editor/display_folded = true
show_behind_parent = true
anchor_left = 0.0
anchor_top = 0.0
anchor_right = 0.0
anchor_bottom = 0.0
margin_left = 362.0
margin_top = 368.0
margin_right = 450.0
margin_bottom = 456.0
rect_pivot_offset = Vector2( 0, 0 )
rect_clip_content = false
mouse_filter = 1
mouse_default_cursor_shape = 0
size_flags_horizontal = 1
size_flags_vertical = 1
stretch_mode = 0
_sections_unfolded = [ "Rect", "Visibility" ]
__meta__ = {
"_edit_group_": true
}

[node name="Icon" type="TextureButton" parent="Panel/Item8" index="0"]

anchor_left = 0.0
anchor_top = 0.0
anchor_right = 0.0
anchor_bottom = 0.0
margin_left = -21.0
margin_top = -23.0
margin_right = 112.0
margin_bottom = 110.0
rect_pivot_offset = Vector2( 0, 0 )
rect_clip_content = false
focus_mode = 2
mouse_filter = 0
mouse_default_cursor_shape = 0
size_flags_horizontal = 1
size_flags_vertical = 1
toggle_mode = true
action_mode = 0
enabled_focus_mode = 2
shortcut = null
group = null
texture_normal = ExtResource( 5 )
texture_hover = ExtResource( 4 )
expand = true
_sections_unfolded = [ "Textures" ]
__meta__ = {
"_edit_group_": true
}

[node name="Count" type="Label" parent="Panel/Item8" index="1"]

anchor_left = 0.0
anchor_top = 0.0
anchor_right = 0.0
anchor_bottom = 0.0
margin_left = 54.0
margin_top = 46.0
margin_right = 94.0
margin_bottom = 97.0
rect_pivot_offset = Vector2( 0, 0 )
rect_clip_content = false
mouse_filter = 2
mouse_default_cursor_shape = 0
size_flags_horizontal = 1
size_flags_vertical = 4
custom_fonts/font = SubResource( 11 )
custom_colors/font_color = Color( 1, 1, 1, 1 )
custom_colors/font_color_shadow = Color( 0, 0, 0, 1 )
align = 1
percent_visible = 1.0
lines_skipped = 0
max_lines_visible = -1
_sections_unfolded = [ "Rect", "custom_colors", "custom_fonts" ]

[node name="Item9" type="TextureRect" parent="Panel" index="9"]

editor/display_folded = true
show_behind_parent = true
anchor_left = 0.0
anchor_top = 0.0
anchor_right = 0.0
anchor_bottom = 0.0
margin_left = 522.0
margin_top = 368.0
margin_right = 610.0
margin_bottom = 456.0
rect_pivot_offset = Vector2( 0, 0 )
rect_clip_content = false
mouse_filter = 1
mouse_default_cursor_shape = 0
size_flags_horizontal = 1
size_flags_vertical = 1
stretch_mode = 0
_sections_unfolded = [ "Rect", "Visibility" ]
__meta__ = {
"_edit_group_": true
}

[node name="Icon" type="TextureButton" parent="Panel/Item9" index="0"]

anchor_left = 0.0
anchor_top = 0.0
anchor_right = 0.0
anchor_bottom = 0.0
margin_left = -21.0
margin_top = -23.0
margin_right = 112.0
margin_bottom = 110.0
rect_pivot_offset = Vector2( 0, 0 )
rect_clip_content = false
focus_mode = 2
mouse_filter = 0
mouse_default_cursor_shape = 0
size_flags_horizontal = 1
size_flags_vertical = 1
toggle_mode = true
action_mode = 0
enabled_focus_mode = 2
shortcut = null
group = null
texture_normal = ExtResource( 5 )
texture_hover = ExtResource( 4 )
expand = true
_sections_unfolded = [ "Textures" ]
__meta__ = {
"_edit_group_": true
}

[node name="Count" type="Label" parent="Panel/Item9" index="1"]

anchor_left = 0.0
anchor_top = 0.0
anchor_right = 0.0
anchor_bottom = 0.0
margin_left = 54.0
margin_top = 46.0
margin_right = 94.0
margin_bottom = 97.0
rect_pivot_offset = Vector2( 0, 0 )
rect_clip_content = false
mouse_filter = 2
mouse_default_cursor_shape = 0
size_flags_horizontal = 1
size_flags_vertical = 4
custom_fonts/font = SubResource( 11 )
custom_colors/font_color = Color( 1, 1, 1, 1 )
custom_colors/font_color_shadow = Color( 0, 0, 0, 1 )
align = 1
percent_visible = 1.0
lines_skipped = 0
max_lines_visible = -1
_sections_unfolded = [ "Rect", "custom_colors", "custom_fonts" ]

[node name="Item10" type="TextureRect" parent="Panel" index="10"]

editor/display_folded = true
show_behind_parent = true
anchor_left = 0.0
anchor_top = 0.0
anchor_right = 0.0
anchor_bottom = 0.0
margin_left = 682.0
margin_top = 368.0
margin_right = 770.0
margin_bottom = 456.0
rect_pivot_offset = Vector2( 0, 0 )
rect_clip_content = false
mouse_filter = 1
mouse_default_cursor_shape = 0
size_flags_horizontal = 1
size_flags_vertical = 1
stretch_mode = 0
_sections_unfolded = [ "Rect", "Visibility" ]
__meta__ = {
"_edit_group_": true
}

[node name="Icon" type="TextureButton" parent="Panel/Item10" index="0"]

anchor_left = 0.0
anchor_top = 0.0
anchor_right = 0.0
anchor_bottom = 0.0
margin_left = -21.0
margin_top = -23.0
margin_right = 112.0
margin_bottom = 110.0
rect_pivot_offset = Vector2( 0, 0 )
rect_clip_content = false
focus_mode = 2
mouse_filter = 0
mouse_default_cursor_shape = 0
size_flags_horizontal = 1
size_flags_vertical = 1
toggle_mode = true
action_mode = 0
enabled_focus_mode = 2
shortcut = null
group = null
texture_normal = ExtResource( 5 )
texture_hover = ExtResource( 4 )
expand = true
_sections_unfolded = [ "Textures" ]
__meta__ = {
"_edit_group_": true
}

[node name="Count" type="Label" parent="Panel/Item10" index="1"]

anchor_left = 0.0
anchor_top = 0.0
anchor_right = 0.0
anchor_bottom = 0.0
margin_left = 54.0
margin_top = 46.0
margin_right = 94.0
margin_bottom = 97.0
rect_pivot_offset = Vector2( 0, 0 )
rect_clip_content = false
mouse_filter = 2
mouse_default_cursor_shape = 0
size_flags_horizontal = 1
size_flags_vertical = 4
custom_fonts/font = SubResource( 11 )
custom_colors/font_color = Color( 1, 1, 1, 1 )
custom_colors/font_color_shadow = Color( 0, 0, 0, 1 )
align = 1
percent_visible = 1.0
lines_skipped = 0
max_lines_visible = -1
_sections_unfolded = [ "Rect", "custom_colors", "custom_fonts" ]

[node name="Item11" type="TextureRect" parent="Panel" index="11"]

editor/display_folded = true
show_behind_parent = true
anchor_left = 0.0
anchor_top = 0.0
anchor_right = 0.0
anchor_bottom = 0.0
margin_left = 842.0
margin_top = 368.0
margin_right = 930.0
margin_bottom = 456.0
rect_pivot_offset = Vector2( 0, 0 )
rect_clip_content = false
mouse_filter = 1
mouse_default_cursor_shape = 0
size_flags_horizontal = 1
size_flags_vertical = 1
stretch_mode = 0
_sections_unfolded = [ "Rect", "Visibility" ]
__meta__ = {
"_edit_group_": true
}

[node name="Icon" type="TextureButton" parent="Panel/Item11" index="0"]

anchor_left = 0.0
anchor_top = 0.0
anchor_right = 0.0
anchor_bottom = 0.0
margin_left = -21.0
margin_top = -23.0
margin_right = 112.0
margin_bottom = 110.0
rect_pivot_offset = Vector2( 0, 0 )
rect_clip_content = false
focus_mode = 2
mouse_filter = 0
mouse_default_cursor_shape = 0
size_flags_horizontal = 1
size_flags_vertical = 1
toggle_mode = true
action_mode = 0
enabled_focus_mode = 2
shortcut = null
group = null
texture_normal = ExtResource( 5 )
texture_hover = ExtResource( 4 )
expand = true
_sections_unfolded = [ "Textures" ]
__meta__ = {
"_edit_group_": true
}

[node name="Count" type="Label" parent="Panel/Item11" index="1"]

anchor_left = 0.0
anchor_top = 0.0
anchor_right = 0.0
anchor_bottom = 0.0
margin_left = 54.0
margin_top = 46.0
margin_right = 94.0
margin_bottom = 97.0
rect_pivot_offset = Vector2( 0, 0 )
rect_clip_content = false
mouse_filter = 2
mouse_default_cursor_shape = 0
size_flags_horizontal = 1
size_flags_vertical = 4
custom_fonts/font = SubResource( 11 )
custom_colors/font_color = Color( 1, 1, 1, 1 )
custom_colors/font_color_shadow = Color( 0, 0, 0, 1 )
align = 1
percent_visible = 1.0
lines_skipped = 0
max_lines_visible = -1
_sections_unfolded = [ "Rect", "custom_colors", "custom_fonts" ]

[node name="Item12" type="TextureRect" parent="Panel" index="12"]

editor/display_folded = true
show_behind_parent = true
anchor_left = 0.0
anchor_top = 0.0
anchor_right = 0.0
anchor_bottom = 0.0
margin_left = 1002.0
margin_top = 368.0
margin_right = 1090.0
margin_bottom = 456.0
rect_pivot_offset = Vector2( 0, 0 )
rect_clip_content = false
mouse_filter = 1
mouse_default_cursor_shape = 0
size_flags_horizontal = 1
size_flags_vertical = 1
stretch_mode = 0
_sections_unfolded = [ "Rect", "Visibility" ]
__meta__ = {
"_edit_group_": true
}

[node name="Icon" type="TextureButton" parent="Panel/Item12" index="0"]

anchor_left = 0.0
anchor_top = 0.0
anchor_right = 0.0
anchor_bottom = 0.0
margin_left = -21.0
margin_top = -23.0
margin_right = 112.0
margin_bottom = 110.0
rect_pivot_offset = Vector2( 0, 0 )
rect_clip_content = false
focus_mode = 2
mouse_filter = 0
mouse_default_cursor_shape = 0
size_flags_horizontal = 1
size_flags_vertical = 1
toggle_mode = true
action_mode = 0
enabled_focus_mode = 2
shortcut = null
group = null
texture_normal = ExtResource( 5 )
texture_hover = ExtResource( 4 )
expand = true
_sections_unfolded = [ "Textures" ]
__meta__ = {
"_edit_group_": true
}

[node name="Count" type="Label" parent="Panel/Item12" index="1"]

anchor_left = 0.0
anchor_top = 0.0
anchor_right = 0.0
anchor_bottom = 0.0
margin_left = 54.0
margin_top = 46.0
margin_right = 94.0
margin_bottom = 97.0
rect_pivot_offset = Vector2( 0, 0 )
rect_clip_content = false
mouse_filter = 2
mouse_default_cursor_shape = 0
size_flags_horizontal = 1
size_flags_vertical = 4
custom_fonts/font = SubResource( 11 )
custom_colors/font_color = Color( 1, 1, 1, 1 )
custom_colors/font_color_shadow = Color( 0, 0, 0, 1 )
align = 1
percent_visible = 1.0
lines_skipped = 0
max_lines_visible = -1
_sections_unfolded = [ "Rect", "custom_colors", "custom_fonts" ]


